%YAML 1.1
%TAG !u! tag:unity3d.com,2011:
--- !u!29 &1
OcclusionCullingSettings:
  m_ObjectHideFlags: 0
  serializedVersion: 2
  m_OcclusionBakeSettings:
    smallestOccluder: 5
    smallestHole: 0.25
    backfaceThreshold: 100
  m_SceneGUID: 00000000000000000000000000000000
  m_OcclusionCullingData: {fileID: 0}
--- !u!104 &2
RenderSettings:
  m_ObjectHideFlags: 0
  serializedVersion: 9
  m_Fog: 0
  m_FogColor: {r: 0.5, g: 0.5, b: 0.5, a: 1}
  m_FogMode: 3
  m_FogDensity: 0.01
  m_LinearFogStart: 0
  m_LinearFogEnd: 300
  m_AmbientSkyColor: {r: 0.212, g: 0.227, b: 0.259, a: 1}
  m_AmbientEquatorColor: {r: 0.114, g: 0.125, b: 0.133, a: 1}
  m_AmbientGroundColor: {r: 0.047, g: 0.043, b: 0.035, a: 1}
  m_AmbientIntensity: 1
  m_AmbientMode: 3
  m_SubtractiveShadowColor: {r: 0.42, g: 0.478, b: 0.627, a: 1}
  m_SkyboxMaterial: {fileID: 0}
  m_HaloStrength: 0.5
  m_FlareStrength: 1
  m_FlareFadeSpeed: 3
  m_HaloTexture: {fileID: 0}
  m_SpotCookie: {fileID: 10001, guid: 0000000000000000e000000000000000, type: 0}
  m_DefaultReflectionMode: 0
  m_DefaultReflectionResolution: 128
  m_ReflectionBounces: 1
  m_ReflectionIntensity: 1
  m_CustomReflection: {fileID: 0}
  m_Sun: {fileID: 0}
  m_IndirectSpecularColor: {r: 0, g: 0, b: 0, a: 1}
  m_UseRadianceAmbientProbe: 0
--- !u!157 &3
LightmapSettings:
  m_ObjectHideFlags: 0
  serializedVersion: 11
  m_GIWorkflowMode: 1
  m_GISettings:
    serializedVersion: 2
    m_BounceScale: 1
    m_IndirectOutputScale: 1
    m_AlbedoBoost: 1
    m_EnvironmentLightingMode: 0
    m_EnableBakedLightmaps: 0
    m_EnableRealtimeLightmaps: 0
  m_LightmapEditorSettings:
    serializedVersion: 12
    m_Resolution: 2
    m_BakeResolution: 40
    m_AtlasSize: 1024
    m_AO: 0
    m_AOMaxDistance: 1
    m_CompAOExponent: 1
    m_CompAOExponentDirect: 0
    m_ExtractAmbientOcclusion: 0
    m_Padding: 2
    m_LightmapParameters: {fileID: 0}
    m_LightmapsBakeMode: 1
    m_TextureCompression: 1
    m_FinalGather: 0
    m_FinalGatherFiltering: 1
    m_FinalGatherRayCount: 256
    m_ReflectionCompression: 2
    m_MixedBakeMode: 2
    m_BakeBackend: 1
    m_PVRSampling: 1
    m_PVRDirectSampleCount: 32
    m_PVRSampleCount: 512
    m_PVRBounces: 2
    m_PVREnvironmentSampleCount: 256
    m_PVREnvironmentReferencePointCount: 2048
    m_PVRFilteringMode: 1
    m_PVRDenoiserTypeDirect: 1
    m_PVRDenoiserTypeIndirect: 1
    m_PVRDenoiserTypeAO: 1
    m_PVRFilterTypeDirect: 0
    m_PVRFilterTypeIndirect: 0
    m_PVRFilterTypeAO: 0
    m_PVREnvironmentMIS: 1
    m_PVRCulling: 1
    m_PVRFilteringGaussRadiusDirect: 1
    m_PVRFilteringGaussRadiusIndirect: 5
    m_PVRFilteringGaussRadiusAO: 2
    m_PVRFilteringAtrousPositionSigmaDirect: 0.5
    m_PVRFilteringAtrousPositionSigmaIndirect: 2
    m_PVRFilteringAtrousPositionSigmaAO: 1
    m_ExportTrainingData: 0
    m_TrainingDataDestination: TrainingData
  m_LightingDataAsset: {fileID: 0}
  m_UseShadowmask: 1
--- !u!196 &4
NavMeshSettings:
  serializedVersion: 2
  m_ObjectHideFlags: 0
  m_BuildSettings:
    serializedVersion: 2
    agentTypeID: 0
    agentRadius: 0.5
    agentHeight: 2
    agentSlope: 45
    agentClimb: 0.4
    ledgeDropHeight: 0
    maxJumpAcrossDistance: 0
    minRegionArea: 2
    manualCellSize: 0
    cellSize: 0.16666667
    manualTileSize: 0
    tileSize: 256
    accuratePlacement: 0
    debug:
      m_Flags: 0
  m_NavMeshData: {fileID: 0}
--- !u!1 &1423402688
GameObject:
  m_ObjectHideFlags: 0
  m_CorrespondingSourceObject: {fileID: 0}
  m_PrefabInstance: {fileID: 0}
  m_PrefabAsset: {fileID: 0}
  serializedVersion: 6
  m_Component:
  - component: {fileID: 1423402690}
  - component: {fileID: 1423402689}
  m_Layer: 0
  m_Name: Square
  m_TagString: Untagged
  m_Icon: {fileID: 0}
  m_NavMeshLayer: 0
  m_StaticEditorFlags: 0
  m_IsActive: 1
--- !u!212 &1423402689
SpriteRenderer:
  m_ObjectHideFlags: 0
  m_CorrespondingSourceObject: {fileID: 0}
  m_PrefabInstance: {fileID: 0}
  m_PrefabAsset: {fileID: 0}
  m_GameObject: {fileID: 1423402688}
  m_Enabled: 1
  m_CastShadows: 0
  m_ReceiveShadows: 0
  m_DynamicOccludee: 1
  m_MotionVectors: 1
  m_LightProbeUsage: 1
  m_ReflectionProbeUsage: 1
  m_RenderingLayerMask: 1
  m_RendererPriority: 0
  m_Materials:
  - {fileID: 10754, guid: 0000000000000000f000000000000000, type: 0}
  m_StaticBatchInfo:
    firstSubMesh: 0
    subMeshCount: 0
  m_StaticBatchRoot: {fileID: 0}
  m_ProbeAnchor: {fileID: 0}
  m_LightProbeVolumeOverride: {fileID: 0}
  m_ScaleInLightmap: 1
  m_ReceiveGI: 1
  m_PreserveUVs: 0
  m_IgnoreNormalsForChartDetection: 0
  m_ImportantGI: 0
  m_StitchLightmapSeams: 1
  m_SelectedEditorRenderState: 0
  m_MinimumChartSize: 4
  m_AutoUVMaxDistance: 0.5
  m_AutoUVMaxAngle: 89
  m_LightmapParameters: {fileID: 0}
  m_SortingLayerID: 0
  m_SortingLayer: 0
  m_SortingOrder: 0
  m_Sprite: {fileID: 21300000, guid: 1e0723e4ba3271e4d91773a1aa53f312, type: 3}
  m_Color: {r: 1, g: 1, b: 1, a: 1}
  m_FlipX: 0
  m_FlipY: 0
  m_DrawMode: 0
  m_Size: {x: 1, y: 1}
  m_AdaptiveModeThreshold: 0.5
  m_SpriteTileMode: 0
  m_WasSpriteAssigned: 1
  m_MaskInteraction: 0
  m_SpriteSortPoint: 0
--- !u!4 &1423402690
Transform:
  m_ObjectHideFlags: 0
  m_CorrespondingSourceObject: {fileID: 0}
  m_PrefabInstance: {fileID: 0}
  m_PrefabAsset: {fileID: 0}
  m_GameObject: {fileID: 1423402688}
  m_LocalRotation: {x: 0, y: 0, z: 0, w: 1}
  m_LocalPosition: {x: 0.3, y: -4.31, z: 0}
  m_LocalScale: {x: 10, y: 1, z: 1}
  m_Children: []
  m_Father: {fileID: 0}
  m_RootOrder: 1
  m_LocalEulerAnglesHint: {x: 0, y: 0, z: 0}
--- !u!1 &1660179632
GameObject:
  m_ObjectHideFlags: 0
  m_CorrespondingSourceObject: {fileID: 0}
  m_PrefabInstance: {fileID: 0}
  m_PrefabAsset: {fileID: 0}
  serializedVersion: 6
  m_Component:
  - component: {fileID: 1660179635}
  - component: {fileID: 1660179634}
  - component: {fileID: 1660179633}
  m_Layer: 0
  m_Name: Main Camera
  m_TagString: MainCamera
  m_Icon: {fileID: 0}
  m_NavMeshLayer: 0
  m_StaticEditorFlags: 0
  m_IsActive: 1
--- !u!81 &1660179633
AudioListener:
  m_ObjectHideFlags: 0
  m_CorrespondingSourceObject: {fileID: 0}
  m_PrefabInstance: {fileID: 0}
  m_PrefabAsset: {fileID: 0}
  m_GameObject: {fileID: 1660179632}
  m_Enabled: 1
--- !u!20 &1660179634
Camera:
  m_ObjectHideFlags: 0
  m_CorrespondingSourceObject: {fileID: 0}
  m_PrefabInstance: {fileID: 0}
  m_PrefabAsset: {fileID: 0}
  m_GameObject: {fileID: 1660179632}
  m_Enabled: 1
  serializedVersion: 2
  m_ClearFlags: 1
  m_BackGroundColor: {r: 0.19215687, g: 0.3019608, b: 0.4745098, a: 0}
  m_projectionMatrixMode: 1
  m_GateFitMode: 2
  m_FOVAxisMode: 0
  m_SensorSize: {x: 36, y: 24}
  m_LensShift: {x: 0, y: 0}
  m_FocalLength: 50
  m_NormalizedViewPortRect:
    serializedVersion: 2
    x: 0
    y: 0
    width: 1
    height: 1
  near clip plane: 0.3
  far clip plane: 1000
  field of view: 60
  orthographic: 1
  orthographic size: 5
  m_Depth: -1
  m_CullingMask:
    serializedVersion: 2
    m_Bits: 4294967295
  m_RenderingPath: -1
  m_TargetTexture: {fileID: 0}
  m_TargetDisplay: 0
  m_TargetEye: 3
  m_HDR: 1
  m_AllowMSAA: 1
  m_AllowDynamicResolution: 0
  m_ForceIntoRT: 0
  m_OcclusionCulling: 1
  m_StereoConvergence: 10
  m_StereoSeparation: 0.022
--- !u!4 &1660179635
Transform:
  m_ObjectHideFlags: 0
  m_CorrespondingSourceObject: {fileID: 0}
  m_PrefabInstance: {fileID: 0}
  m_PrefabAsset: {fileID: 0}
  m_GameObject: {fileID: 1660179632}
  m_LocalRotation: {x: 0, y: 0, z: 0, w: 1}
  m_LocalPosition: {x: 0, y: 0, z: -10}
  m_LocalScale: {x: 1, y: 1, z: 1}
  m_Children: []
  m_Father: {fileID: 0}
  m_RootOrder: 0
  m_LocalEulerAnglesHint: {x: 0, y: 0, z: 0}
--- !u!1001 &931637580286557367
PrefabInstance:
  m_ObjectHideFlags: 0
  serializedVersion: 2
  m_Modification:
    m_TransformParent: {fileID: 0}
    m_Modifications:
    - target: {fileID: 931637578382300903, guid: 40b6cf3479527ba45b1142019221079c,
        type: 3}
      propertyPath: m_Name
      value: Game_over
      objectReference: {fileID: 0}
    - target: {fileID: 931637578382300899, guid: 40b6cf3479527ba45b1142019221079c,
        type: 3}
      propertyPath: m_LocalPosition.x
      value: -1.27
      objectReference: {fileID: 0}
    - target: {fileID: 931637578382300899, guid: 40b6cf3479527ba45b1142019221079c,
        type: 3}
      propertyPath: m_LocalPosition.y
      value: 3.075
      objectReference: {fileID: 0}
    - target: {fileID: 931637578382300899, guid: 40b6cf3479527ba45b1142019221079c,
        type: 3}
      propertyPath: m_LocalPosition.z
      value: 0
      objectReference: {fileID: 0}
    - target: {fileID: 931637578382300899, guid: 40b6cf3479527ba45b1142019221079c,
        type: 3}
      propertyPath: m_LocalRotation.x
      value: 0
      objectReference: {fileID: 0}
    - target: {fileID: 931637578382300899, guid: 40b6cf3479527ba45b1142019221079c,
        type: 3}
      propertyPath: m_LocalRotation.y
      value: 0
      objectReference: {fileID: 0}
    - target: {fileID: 931637578382300899, guid: 40b6cf3479527ba45b1142019221079c,
        type: 3}
      propertyPath: m_LocalRotation.z
      value: 0
      objectReference: {fileID: 0}
    - target: {fileID: 931637578382300899, guid: 40b6cf3479527ba45b1142019221079c,
        type: 3}
      propertyPath: m_LocalRotation.w
      value: 1
      objectReference: {fileID: 0}
    - target: {fileID: 931637578382300899, guid: 40b6cf3479527ba45b1142019221079c,
        type: 3}
      propertyPath: m_RootOrder
      value: 9
      objectReference: {fileID: 0}
    - target: {fileID: 931637578382300899, guid: 40b6cf3479527ba45b1142019221079c,
        type: 3}
      propertyPath: m_LocalEulerAnglesHint.x
      value: 0
      objectReference: {fileID: 0}
    - target: {fileID: 931637578382300899, guid: 40b6cf3479527ba45b1142019221079c,
        type: 3}
      propertyPath: m_LocalEulerAnglesHint.y
      value: 0
      objectReference: {fileID: 0}
    - target: {fileID: 931637578382300899, guid: 40b6cf3479527ba45b1142019221079c,
        type: 3}
      propertyPath: m_LocalEulerAnglesHint.z
      value: 0
      objectReference: {fileID: 0}
    m_RemovedComponents: []
  m_SourcePrefab: {fileID: 100100000, guid: 40b6cf3479527ba45b1142019221079c, type: 3}
--- !u!1001 &1392600176011161637
PrefabInstance:
  m_ObjectHideFlags: 0
  serializedVersion: 2
  m_Modification:
    m_TransformParent: {fileID: 0}
    m_Modifications:
    - target: {fileID: 1392600175540507469, guid: d9d8a9aa1faa2bd4c9b5ed40b04192e4,
        type: 3}
      propertyPath: m_Name
      value: disketBoy
      objectReference: {fileID: 0}
    - target: {fileID: 1392600175540507471, guid: d9d8a9aa1faa2bd4c9b5ed40b04192e4,
        type: 3}
      propertyPath: m_LocalPosition.x
      value: 3.51
      objectReference: {fileID: 0}
    - target: {fileID: 1392600175540507471, guid: d9d8a9aa1faa2bd4c9b5ed40b04192e4,
        type: 3}
      propertyPath: m_LocalPosition.y
      value: 0
      objectReference: {fileID: 0}
    - target: {fileID: 1392600175540507471, guid: d9d8a9aa1faa2bd4c9b5ed40b04192e4,
        type: 3}
      propertyPath: m_LocalPosition.z
      value: 0
      objectReference: {fileID: 0}
    - target: {fileID: 1392600175540507471, guid: d9d8a9aa1faa2bd4c9b5ed40b04192e4,
        type: 3}
      propertyPath: m_LocalRotation.x
      value: 0
      objectReference: {fileID: 0}
    - target: {fileID: 1392600175540507471, guid: d9d8a9aa1faa2bd4c9b5ed40b04192e4,
        type: 3}
      propertyPath: m_LocalRotation.y
      value: 0
      objectReference: {fileID: 0}
    - target: {fileID: 1392600175540507471, guid: d9d8a9aa1faa2bd4c9b5ed40b04192e4,
        type: 3}
      propertyPath: m_LocalRotation.z
      value: 0
      objectReference: {fileID: 0}
    - target: {fileID: 1392600175540507471, guid: d9d8a9aa1faa2bd4c9b5ed40b04192e4,
        type: 3}
      propertyPath: m_LocalRotation.w
      value: 1
      objectReference: {fileID: 0}
    - target: {fileID: 1392600175540507471, guid: d9d8a9aa1faa2bd4c9b5ed40b04192e4,
        type: 3}
      propertyPath: m_RootOrder
      value: 14
      objectReference: {fileID: 0}
    - target: {fileID: 1392600175540507471, guid: d9d8a9aa1faa2bd4c9b5ed40b04192e4,
        type: 3}
      propertyPath: m_LocalEulerAnglesHint.x
      value: 0
      objectReference: {fileID: 0}
    - target: {fileID: 1392600175540507471, guid: d9d8a9aa1faa2bd4c9b5ed40b04192e4,
        type: 3}
      propertyPath: m_LocalEulerAnglesHint.y
      value: 0
      objectReference: {fileID: 0}
    - target: {fileID: 1392600175540507471, guid: d9d8a9aa1faa2bd4c9b5ed40b04192e4,
        type: 3}
      propertyPath: m_LocalEulerAnglesHint.z
      value: 0
      objectReference: {fileID: 0}
    m_RemovedComponents: []
  m_SourcePrefab: {fileID: 100100000, guid: d9d8a9aa1faa2bd4c9b5ed40b04192e4, type: 3}
--- !u!1001 &2260812345289737980
PrefabInstance:
  m_ObjectHideFlags: 0
  serializedVersion: 2
  m_Modification:
    m_TransformParent: {fileID: 0}
    m_Modifications:
    - target: {fileID: 2260812345475315059, guid: 3aad791c515761143bb1d7c027bb88be,
        type: 3}
      propertyPath: m_Name
      value: Sword_Arcade
      objectReference: {fileID: 0}
    - target: {fileID: 2260812345475315054, guid: 3aad791c515761143bb1d7c027bb88be,
        type: 3}
      propertyPath: m_LocalPosition.x
      value: -3.52
      objectReference: {fileID: 0}
    - target: {fileID: 2260812345475315054, guid: 3aad791c515761143bb1d7c027bb88be,
        type: 3}
      propertyPath: m_LocalPosition.y
      value: 3.09
      objectReference: {fileID: 0}
    - target: {fileID: 2260812345475315054, guid: 3aad791c515761143bb1d7c027bb88be,
        type: 3}
      propertyPath: m_LocalPosition.z
      value: 0
      objectReference: {fileID: 0}
    - target: {fileID: 2260812345475315054, guid: 3aad791c515761143bb1d7c027bb88be,
        type: 3}
      propertyPath: m_LocalRotation.x
      value: 0
      objectReference: {fileID: 0}
    - target: {fileID: 2260812345475315054, guid: 3aad791c515761143bb1d7c027bb88be,
        type: 3}
      propertyPath: m_LocalRotation.y
      value: 0
      objectReference: {fileID: 0}
    - target: {fileID: 2260812345475315054, guid: 3aad791c515761143bb1d7c027bb88be,
        type: 3}
      propertyPath: m_LocalRotation.z
      value: 0
      objectReference: {fileID: 0}
    - target: {fileID: 2260812345475315054, guid: 3aad791c515761143bb1d7c027bb88be,
        type: 3}
      propertyPath: m_LocalRotation.w
      value: 1
      objectReference: {fileID: 0}
    - target: {fileID: 2260812345475315054, guid: 3aad791c515761143bb1d7c027bb88be,
        type: 3}
      propertyPath: m_RootOrder
      value: 8
      objectReference: {fileID: 0}
    - target: {fileID: 2260812345475315054, guid: 3aad791c515761143bb1d7c027bb88be,
        type: 3}
      propertyPath: m_LocalEulerAnglesHint.x
      value: 0
      objectReference: {fileID: 0}
    - target: {fileID: 2260812345475315054, guid: 3aad791c515761143bb1d7c027bb88be,
        type: 3}
      propertyPath: m_LocalEulerAnglesHint.y
      value: 0
      objectReference: {fileID: 0}
    - target: {fileID: 2260812345475315054, guid: 3aad791c515761143bb1d7c027bb88be,
        type: 3}
      propertyPath: m_LocalEulerAnglesHint.z
      value: 0
      objectReference: {fileID: 0}
    m_RemovedComponents: []
  m_SourcePrefab: {fileID: 100100000, guid: 3aad791c515761143bb1d7c027bb88be, type: 3}
--- !u!1001 &3729168364212638023
PrefabInstance:
  m_ObjectHideFlags: 0
  serializedVersion: 2
  m_Modification:
    m_TransformParent: {fileID: 0}
    m_Modifications:
    - target: {fileID: 2803761904010934991, guid: 4180415101a23e94182f81388d938cf0,
        type: 3}
      propertyPath: m_Simulated
      value: 0
      objectReference: {fileID: 0}
    - target: {fileID: 3729168364348601741, guid: 4180415101a23e94182f81388d938cf0,
        type: 3}
      propertyPath: m_Name
      value: PlayerAnimated
      objectReference: {fileID: 0}
    - target: {fileID: 3729168364348601738, guid: 4180415101a23e94182f81388d938cf0,
        type: 3}
      propertyPath: m_LocalPosition.x
      value: 1.38
      objectReference: {fileID: 0}
    - target: {fileID: 3729168364348601738, guid: 4180415101a23e94182f81388d938cf0,
        type: 3}
      propertyPath: m_LocalPosition.y
      value: 3.29
      objectReference: {fileID: 0}
    - target: {fileID: 3729168364348601738, guid: 4180415101a23e94182f81388d938cf0,
        type: 3}
      propertyPath: m_LocalPosition.z
      value: -4.551837
      objectReference: {fileID: 0}
    - target: {fileID: 3729168364348601738, guid: 4180415101a23e94182f81388d938cf0,
        type: 3}
      propertyPath: m_LocalRotation.x
      value: 0
      objectReference: {fileID: 0}
    - target: {fileID: 3729168364348601738, guid: 4180415101a23e94182f81388d938cf0,
        type: 3}
      propertyPath: m_LocalRotation.y
      value: 0
      objectReference: {fileID: 0}
    - target: {fileID: 3729168364348601738, guid: 4180415101a23e94182f81388d938cf0,
        type: 3}
      propertyPath: m_LocalRotation.z
      value: 0
      objectReference: {fileID: 0}
    - target: {fileID: 3729168364348601738, guid: 4180415101a23e94182f81388d938cf0,
        type: 3}
      propertyPath: m_LocalRotation.w
      value: 1
      objectReference: {fileID: 0}
    - target: {fileID: 3729168364348601738, guid: 4180415101a23e94182f81388d938cf0,
        type: 3}
      propertyPath: m_RootOrder
      value: 2
      objectReference: {fileID: 0}
    - target: {fileID: 3729168364348601738, guid: 4180415101a23e94182f81388d938cf0,
        type: 3}
      propertyPath: m_LocalEulerAnglesHint.x
      value: 0
      objectReference: {fileID: 0}
    - target: {fileID: 3729168364348601738, guid: 4180415101a23e94182f81388d938cf0,
        type: 3}
      propertyPath: m_LocalEulerAnglesHint.y
      value: 0
      objectReference: {fileID: 0}
    - target: {fileID: 3729168364348601738, guid: 4180415101a23e94182f81388d938cf0,
        type: 3}
      propertyPath: m_LocalEulerAnglesHint.z
      value: 0
      objectReference: {fileID: 0}
    m_RemovedComponents: []
  m_SourcePrefab: {fileID: 100100000, guid: 4180415101a23e94182f81388d938cf0, type: 3}
--- !u!1001 &4970036245359342219
PrefabInstance:
  m_ObjectHideFlags: 0
  serializedVersion: 2
  m_Modification:
    m_TransformParent: {fileID: 0}
    m_Modifications:
    - target: {fileID: 4970036244964455839, guid: 1706345a837edb34ab1140617b15cea4,
        type: 3}
      propertyPath: m_Name
      value: Exctincteur
      objectReference: {fileID: 0}
    - target: {fileID: 4970036244964455836, guid: 1706345a837edb34ab1140617b15cea4,
        type: 3}
      propertyPath: m_LocalPosition.x
      value: -2.49
      objectReference: {fileID: 0}
    - target: {fileID: 4970036244964455836, guid: 1706345a837edb34ab1140617b15cea4,
        type: 3}
      propertyPath: m_LocalPosition.y
      value: -0.65
      objectReference: {fileID: 0}
    - target: {fileID: 4970036244964455836, guid: 1706345a837edb34ab1140617b15cea4,
        type: 3}
      propertyPath: m_LocalPosition.z
      value: 0
      objectReference: {fileID: 0}
    - target: {fileID: 4970036244964455836, guid: 1706345a837edb34ab1140617b15cea4,
        type: 3}
      propertyPath: m_LocalRotation.x
      value: 0
      objectReference: {fileID: 0}
    - target: {fileID: 4970036244964455836, guid: 1706345a837edb34ab1140617b15cea4,
        type: 3}
      propertyPath: m_LocalRotation.y
      value: 0
      objectReference: {fileID: 0}
    - target: {fileID: 4970036244964455836, guid: 1706345a837edb34ab1140617b15cea4,
        type: 3}
      propertyPath: m_LocalRotation.z
      value: 0
      objectReference: {fileID: 0}
    - target: {fileID: 4970036244964455836, guid: 1706345a837edb34ab1140617b15cea4,
        type: 3}
      propertyPath: m_LocalRotation.w
      value: 1
      objectReference: {fileID: 0}
    - target: {fileID: 4970036244964455836, guid: 1706345a837edb34ab1140617b15cea4,
        type: 3}
      propertyPath: m_RootOrder
      value: 7
      objectReference: {fileID: 0}
    - target: {fileID: 4970036244964455836, guid: 1706345a837edb34ab1140617b15cea4,
        type: 3}
      propertyPath: m_LocalEulerAnglesHint.x
      value: 0
      objectReference: {fileID: 0}
    - target: {fileID: 4970036244964455836, guid: 1706345a837edb34ab1140617b15cea4,
        type: 3}
      propertyPath: m_LocalEulerAnglesHint.y
      value: 0
      objectReference: {fileID: 0}
    - target: {fileID: 4970036244964455836, guid: 1706345a837edb34ab1140617b15cea4,
        type: 3}
      propertyPath: m_LocalEulerAnglesHint.z
      value: 0
      objectReference: {fileID: 0}
    m_RemovedComponents: []
  m_SourcePrefab: {fileID: 100100000, guid: 1706345a837edb34ab1140617b15cea4, type: 3}
--- !u!1001 &5652749464300322989
PrefabInstance:
  m_ObjectHideFlags: 0
  serializedVersion: 2
  m_Modification:
    m_TransformParent: {fileID: 0}
    m_Modifications:
    - target: {fileID: 5652749465097294248, guid: 7f21aed4b109c3b4b8e6c5f04c11c251,
        type: 3}
      propertyPath: m_Name
      value: MusicBox
      objectReference: {fileID: 0}
    - target: {fileID: 5652749465097294245, guid: 7f21aed4b109c3b4b8e6c5f04c11c251,
        type: 3}
      propertyPath: m_LocalPosition.x
      value: -0.55
      objectReference: {fileID: 0}
    - target: {fileID: 5652749465097294245, guid: 7f21aed4b109c3b4b8e6c5f04c11c251,
        type: 3}
      propertyPath: m_LocalPosition.y
      value: -0.089
      objectReference: {fileID: 0}
    - target: {fileID: 5652749465097294245, guid: 7f21aed4b109c3b4b8e6c5f04c11c251,
        type: 3}
      propertyPath: m_LocalPosition.z
      value: 0
      objectReference: {fileID: 0}
    - target: {fileID: 5652749465097294245, guid: 7f21aed4b109c3b4b8e6c5f04c11c251,
        type: 3}
      propertyPath: m_LocalRotation.x
      value: 0
      objectReference: {fileID: 0}
    - target: {fileID: 5652749465097294245, guid: 7f21aed4b109c3b4b8e6c5f04c11c251,
        type: 3}
      propertyPath: m_LocalRotation.y
      value: 0
      objectReference: {fileID: 0}
    - target: {fileID: 5652749465097294245, guid: 7f21aed4b109c3b4b8e6c5f04c11c251,
        type: 3}
      propertyPath: m_LocalRotation.z
      value: 0
      objectReference: {fileID: 0}
    - target: {fileID: 5652749465097294245, guid: 7f21aed4b109c3b4b8e6c5f04c11c251,
        type: 3}
      propertyPath: m_LocalRotation.w
      value: 1
      objectReference: {fileID: 0}
    - target: {fileID: 5652749465097294245, guid: 7f21aed4b109c3b4b8e6c5f04c11c251,
        type: 3}
      propertyPath: m_RootOrder
      value: 4
      objectReference: {fileID: 0}
    - target: {fileID: 5652749465097294245, guid: 7f21aed4b109c3b4b8e6c5f04c11c251,
        type: 3}
      propertyPath: m_LocalEulerAnglesHint.x
      value: 0
      objectReference: {fileID: 0}
    - target: {fileID: 5652749465097294245, guid: 7f21aed4b109c3b4b8e6c5f04c11c251,
        type: 3}
      propertyPath: m_LocalEulerAnglesHint.y
      value: 0
      objectReference: {fileID: 0}
    - target: {fileID: 5652749465097294245, guid: 7f21aed4b109c3b4b8e6c5f04c11c251,
        type: 3}
      propertyPath: m_LocalEulerAnglesHint.z
      value: 0
      objectReference: {fileID: 0}
    m_RemovedComponents: []
  m_SourcePrefab: {fileID: 100100000, guid: 7f21aed4b109c3b4b8e6c5f04c11c251, type: 3}
--- !u!1001 &5735697340632335685
PrefabInstance:
  m_ObjectHideFlags: 0
  serializedVersion: 2
  m_Modification:
    m_TransformParent: {fileID: 0}
    m_Modifications:
    - target: {fileID: 5735697340555599572, guid: db8f1da506616e24482c1151fd5d8994,
        type: 3}
      propertyPath: m_Name
      value: Sword_Arcade_Face
      objectReference: {fileID: 0}
    - target: {fileID: 5735697340555599569, guid: db8f1da506616e24482c1151fd5d8994,
        type: 3}
      propertyPath: m_LocalPosition.x
      value: -5.6
      objectReference: {fileID: 0}
    - target: {fileID: 5735697340555599569, guid: db8f1da506616e24482c1151fd5d8994,
        type: 3}
      propertyPath: m_LocalPosition.y
      value: 3.087
      objectReference: {fileID: 0}
    - target: {fileID: 5735697340555599569, guid: db8f1da506616e24482c1151fd5d8994,
        type: 3}
      propertyPath: m_LocalPosition.z
      value: 0
      objectReference: {fileID: 0}
    - target: {fileID: 5735697340555599569, guid: db8f1da506616e24482c1151fd5d8994,
        type: 3}
      propertyPath: m_LocalRotation.x
      value: 0
      objectReference: {fileID: 0}
    - target: {fileID: 5735697340555599569, guid: db8f1da506616e24482c1151fd5d8994,
        type: 3}
      propertyPath: m_LocalRotation.y
      value: 0
      objectReference: {fileID: 0}
    - target: {fileID: 5735697340555599569, guid: db8f1da506616e24482c1151fd5d8994,
        type: 3}
      propertyPath: m_LocalRotation.z
      value: 0
      objectReference: {fileID: 0}
    - target: {fileID: 5735697340555599569, guid: db8f1da506616e24482c1151fd5d8994,
        type: 3}
      propertyPath: m_LocalRotation.w
      value: 1
      objectReference: {fileID: 0}
    - target: {fileID: 5735697340555599569, guid: db8f1da506616e24482c1151fd5d8994,
        type: 3}
      propertyPath: m_RootOrder
      value: 10
      objectReference: {fileID: 0}
    - target: {fileID: 5735697340555599569, guid: db8f1da506616e24482c1151fd5d8994,
        type: 3}
      propertyPath: m_LocalEulerAnglesHint.x
      value: 0
      objectReference: {fileID: 0}
    - target: {fileID: 5735697340555599569, guid: db8f1da506616e24482c1151fd5d8994,
        type: 3}
      propertyPath: m_LocalEulerAnglesHint.y
      value: 0
      objectReference: {fileID: 0}
    - target: {fileID: 5735697340555599569, guid: db8f1da506616e24482c1151fd5d8994,
        type: 3}
      propertyPath: m_LocalEulerAnglesHint.z
      value: 0
      objectReference: {fileID: 0}
    m_RemovedComponents: []
  m_SourcePrefab: {fileID: 100100000, guid: db8f1da506616e24482c1151fd5d8994, type: 3}
--- !u!1001 &5878818734692484924
PrefabInstance:
  m_ObjectHideFlags: 0
  serializedVersion: 2
  m_Modification:
    m_TransformParent: {fileID: 0}
    m_Modifications:
    - target: {fileID: 5878818734031898161, guid: 7d036478a3532c443af44907ca7643f8,
        type: 3}
      propertyPath: m_Name
      value: Manette_Enemy
      objectReference: {fileID: 0}
    - target: {fileID: 5878818734031898156, guid: 7d036478a3532c443af44907ca7643f8,
        type: 3}
      propertyPath: m_LocalPosition.x
      value: 3.09
      objectReference: {fileID: 0}
    - target: {fileID: 5878818734031898156, guid: 7d036478a3532c443af44907ca7643f8,
        type: 3}
      propertyPath: m_LocalPosition.y
      value: 3.27
      objectReference: {fileID: 0}
    - target: {fileID: 5878818734031898156, guid: 7d036478a3532c443af44907ca7643f8,
        type: 3}
      propertyPath: m_LocalPosition.z
      value: 0
      objectReference: {fileID: 0}
    - target: {fileID: 5878818734031898156, guid: 7d036478a3532c443af44907ca7643f8,
        type: 3}
      propertyPath: m_LocalRotation.x
      value: 0
      objectReference: {fileID: 0}
    - target: {fileID: 5878818734031898156, guid: 7d036478a3532c443af44907ca7643f8,
        type: 3}
      propertyPath: m_LocalRotation.y
      value: 0
      objectReference: {fileID: 0}
    - target: {fileID: 5878818734031898156, guid: 7d036478a3532c443af44907ca7643f8,
        type: 3}
      propertyPath: m_LocalRotation.z
      value: 0
      objectReference: {fileID: 0}
    - target: {fileID: 5878818734031898156, guid: 7d036478a3532c443af44907ca7643f8,
        type: 3}
      propertyPath: m_LocalRotation.w
      value: 1
      objectReference: {fileID: 0}
    - target: {fileID: 5878818734031898156, guid: 7d036478a3532c443af44907ca7643f8,
        type: 3}
      propertyPath: m_RootOrder
      value: 11
      objectReference: {fileID: 0}
    - target: {fileID: 5878818734031898156, guid: 7d036478a3532c443af44907ca7643f8,
        type: 3}
      propertyPath: m_LocalEulerAnglesHint.x
      value: 0
      objectReference: {fileID: 0}
    - target: {fileID: 5878818734031898156, guid: 7d036478a3532c443af44907ca7643f8,
        type: 3}
      propertyPath: m_LocalEulerAnglesHint.y
      value: 0
      objectReference: {fileID: 0}
    - target: {fileID: 5878818734031898156, guid: 7d036478a3532c443af44907ca7643f8,
        type: 3}
      propertyPath: m_LocalEulerAnglesHint.z
      value: 0
      objectReference: {fileID: 0}
    m_RemovedComponents: []
  m_SourcePrefab: {fileID: 100100000, guid: 7d036478a3532c443af44907ca7643f8, type: 3}
--- !u!1001 &6717828976828225352
PrefabInstance:
  m_ObjectHideFlags: 0
  serializedVersion: 2
  m_Modification:
    m_TransformParent: {fileID: 0}
    m_Modifications:
    - target: {fileID: 6717828977506566360, guid: 2e1bf55d7c261194995035e04bf39f59,
        type: 3}
      propertyPath: m_Name
      value: Big_tony
      objectReference: {fileID: 0}
    - target: {fileID: 6717828977506566363, guid: 2e1bf55d7c261194995035e04bf39f59,
        type: 3}
      propertyPath: m_LocalPosition.x
      value: 1.53
      objectReference: {fileID: 0}
    - target: {fileID: 6717828977506566363, guid: 2e1bf55d7c261194995035e04bf39f59,
        type: 3}
      propertyPath: m_LocalPosition.y
      value: -0.1
      objectReference: {fileID: 0}
    - target: {fileID: 6717828977506566363, guid: 2e1bf55d7c261194995035e04bf39f59,
        type: 3}
      propertyPath: m_LocalPosition.z
      value: 0
      objectReference: {fileID: 0}
    - target: {fileID: 6717828977506566363, guid: 2e1bf55d7c261194995035e04bf39f59,
        type: 3}
      propertyPath: m_LocalRotation.x
      value: 0
      objectReference: {fileID: 0}
    - target: {fileID: 6717828977506566363, guid: 2e1bf55d7c261194995035e04bf39f59,
        type: 3}
      propertyPath: m_LocalRotation.y
      value: 0
      objectReference: {fileID: 0}
    - target: {fileID: 6717828977506566363, guid: 2e1bf55d7c261194995035e04bf39f59,
        type: 3}
      propertyPath: m_LocalRotation.z
      value: 0
      objectReference: {fileID: 0}
    - target: {fileID: 6717828977506566363, guid: 2e1bf55d7c261194995035e04bf39f59,
        type: 3}
      propertyPath: m_LocalRotation.w
      value: 1
      objectReference: {fileID: 0}
    - target: {fileID: 6717828977506566363, guid: 2e1bf55d7c261194995035e04bf39f59,
        type: 3}
      propertyPath: m_RootOrder
      value: 13
      objectReference: {fileID: 0}
    - target: {fileID: 6717828977506566363, guid: 2e1bf55d7c261194995035e04bf39f59,
        type: 3}
      propertyPath: m_LocalEulerAnglesHint.x
      value: 0
      objectReference: {fileID: 0}
    - target: {fileID: 6717828977506566363, guid: 2e1bf55d7c261194995035e04bf39f59,
        type: 3}
      propertyPath: m_LocalEulerAnglesHint.y
      value: 0
      objectReference: {fileID: 0}
    - target: {fileID: 6717828977506566363, guid: 2e1bf55d7c261194995035e04bf39f59,
        type: 3}
      propertyPath: m_LocalEulerAnglesHint.z
      value: 0
      objectReference: {fileID: 0}
    m_RemovedComponents: []
  m_SourcePrefab: {fileID: 100100000, guid: 2e1bf55d7c261194995035e04bf39f59, type: 3}
--- !u!1001 &7076764191930889277
PrefabInstance:
  m_ObjectHideFlags: 0
  serializedVersion: 2
  m_Modification:
    m_TransformParent: {fileID: 0}
    m_Modifications:
    - target: {fileID: 7076764191455066580, guid: 8355e868adbcee648a6ea816aed95945,
        type: 3}
      propertyPath: m_Name
      value: Pen apple_Face
      objectReference: {fileID: 0}
    - target: {fileID: 7076764191455066577, guid: 8355e868adbcee648a6ea816aed95945,
        type: 3}
      propertyPath: m_LocalPosition.x
      value: -5.66
      objectReference: {fileID: 0}
    - target: {fileID: 7076764191455066577, guid: 8355e868adbcee648a6ea816aed95945,
        type: 3}
      propertyPath: m_LocalPosition.y
      value: -0.15
      objectReference: {fileID: 0}
    - target: {fileID: 7076764191455066577, guid: 8355e868adbcee648a6ea816aed95945,
        type: 3}
      propertyPath: m_LocalPosition.z
      value: 0
      objectReference: {fileID: 0}
    - target: {fileID: 7076764191455066577, guid: 8355e868adbcee648a6ea816aed95945,
        type: 3}
      propertyPath: m_LocalRotation.x
      value: 0
      objectReference: {fileID: 0}
    - target: {fileID: 7076764191455066577, guid: 8355e868adbcee648a6ea816aed95945,
        type: 3}
      propertyPath: m_LocalRotation.y
      value: 0
      objectReference: {fileID: 0}
    - target: {fileID: 7076764191455066577, guid: 8355e868adbcee648a6ea816aed95945,
        type: 3}
      propertyPath: m_LocalRotation.z
      value: 0
      objectReference: {fileID: 0}
    - target: {fileID: 7076764191455066577, guid: 8355e868adbcee648a6ea816aed95945,
        type: 3}
      propertyPath: m_LocalRotation.w
      value: 1
      objectReference: {fileID: 0}
    - target: {fileID: 7076764191455066577, guid: 8355e868adbcee648a6ea816aed95945,
        type: 3}
      propertyPath: m_RootOrder
      value: 12
      objectReference: {fileID: 0}
    - target: {fileID: 7076764191455066577, guid: 8355e868adbcee648a6ea816aed95945,
        type: 3}
      propertyPath: m_LocalEulerAnglesHint.x
      value: 0
      objectReference: {fileID: 0}
    - target: {fileID: 7076764191455066577, guid: 8355e868adbcee648a6ea816aed95945,
        type: 3}
      propertyPath: m_LocalEulerAnglesHint.y
      value: 0
      objectReference: {fileID: 0}
    - target: {fileID: 7076764191455066577, guid: 8355e868adbcee648a6ea816aed95945,
        type: 3}
      propertyPath: m_LocalEulerAnglesHint.z
      value: 0
      objectReference: {fileID: 0}
    m_RemovedComponents: []
  m_SourcePrefab: {fileID: 100100000, guid: 8355e868adbcee648a6ea816aed95945, type: 3}
--- !u!1001 &7096340281213624473
PrefabInstance:
  m_ObjectHideFlags: 0
  serializedVersion: 2
  m_Modification:
    m_TransformParent: {fileID: 0}
    m_Modifications:
    - target: {fileID: 7096340280105480291, guid: a4564345ec5db9547977be80dea5cd8d,
        type: 3}
      propertyPath: m_Name
      value: Pen_apple_Arcade
      objectReference: {fileID: 0}
    - target: {fileID: 7096340280105480292, guid: a4564345ec5db9547977be80dea5cd8d,
        type: 3}
      propertyPath: m_LocalPosition.x
      value: -2.76
      objectReference: {fileID: 0}
    - target: {fileID: 7096340280105480292, guid: a4564345ec5db9547977be80dea5cd8d,
        type: 3}
      propertyPath: m_LocalPosition.y
      value: 0
      objectReference: {fileID: 0}
    - target: {fileID: 7096340280105480292, guid: a4564345ec5db9547977be80dea5cd8d,
        type: 3}
      propertyPath: m_LocalPosition.z
      value: 0
      objectReference: {fileID: 0}
    - target: {fileID: 7096340280105480292, guid: a4564345ec5db9547977be80dea5cd8d,
        type: 3}
      propertyPath: m_LocalRotation.x
      value: 0
      objectReference: {fileID: 0}
    - target: {fileID: 7096340280105480292, guid: a4564345ec5db9547977be80dea5cd8d,
        type: 3}
      propertyPath: m_LocalRotation.y
      value: 0
      objectReference: {fileID: 0}
    - target: {fileID: 7096340280105480292, guid: a4564345ec5db9547977be80dea5cd8d,
        type: 3}
      propertyPath: m_LocalRotation.z
      value: 0
      objectReference: {fileID: 0}
    - target: {fileID: 7096340280105480292, guid: a4564345ec5db9547977be80dea5cd8d,
        type: 3}
      propertyPath: m_LocalRotation.w
      value: 1
      objectReference: {fileID: 0}
    - target: {fileID: 7096340280105480292, guid: a4564345ec5db9547977be80dea5cd8d,
        type: 3}
      propertyPath: m_RootOrder
      value: 3
      objectReference: {fileID: 0}
    - target: {fileID: 7096340280105480292, guid: a4564345ec5db9547977be80dea5cd8d,
        type: 3}
      propertyPath: m_LocalEulerAnglesHint.x
      value: 0
      objectReference: {fileID: 0}
    - target: {fileID: 7096340280105480292, guid: a4564345ec5db9547977be80dea5cd8d,
        type: 3}
      propertyPath: m_LocalEulerAnglesHint.y
      value: 0
      objectReference: {fileID: 0}
    - target: {fileID: 7096340280105480292, guid: a4564345ec5db9547977be80dea5cd8d,
        type: 3}
      propertyPath: m_LocalEulerAnglesHint.z
      value: 0
      objectReference: {fileID: 0}
    m_RemovedComponents: []
  m_SourcePrefab: {fileID: 100100000, guid: a4564345ec5db9547977be80dea5cd8d, type: 3}
--- !u!1001 &7773126520076667312
PrefabInstance:
  m_ObjectHideFlags: 0
  serializedVersion: 2
  m_Modification:
    m_TransformParent: {fileID: 0}
    m_Modifications:
    - target: {fileID: 7773126519697128484, guid: d1a7bc27d0368684aaa8ae3e8231a654,
        type: 3}
      propertyPath: m_Name
      value: Manette
      objectReference: {fileID: 0}
    - target: {fileID: 7773126519697128487, guid: d1a7bc27d0368684aaa8ae3e8231a654,
        type: 3}
      propertyPath: m_LocalPosition.x
      value: -1.74
      objectReference: {fileID: 0}
    - target: {fileID: 7773126519697128487, guid: d1a7bc27d0368684aaa8ae3e8231a654,
        type: 3}
      propertyPath: m_LocalPosition.y
      value: 0.85
      objectReference: {fileID: 0}
    - target: {fileID: 7773126519697128487, guid: d1a7bc27d0368684aaa8ae3e8231a654,
        type: 3}
      propertyPath: m_LocalPosition.z
      value: 0
      objectReference: {fileID: 0}
    - target: {fileID: 7773126519697128487, guid: d1a7bc27d0368684aaa8ae3e8231a654,
        type: 3}
      propertyPath: m_LocalRotation.x
      value: 0
      objectReference: {fileID: 0}
    - target: {fileID: 7773126519697128487, guid: d1a7bc27d0368684aaa8ae3e8231a654,
        type: 3}
      propertyPath: m_LocalRotation.y
      value: 0
      objectReference: {fileID: 0}
    - target: {fileID: 7773126519697128487, guid: d1a7bc27d0368684aaa8ae3e8231a654,
        type: 3}
      propertyPath: m_LocalRotation.z
      value: 0
      objectReference: {fileID: 0}
    - target: {fileID: 7773126519697128487, guid: d1a7bc27d0368684aaa8ae3e8231a654,
        type: 3}
      propertyPath: m_LocalRotation.w
      value: 1
      objectReference: {fileID: 0}
    - target: {fileID: 7773126519697128487, guid: d1a7bc27d0368684aaa8ae3e8231a654,
        type: 3}
      propertyPath: m_RootOrder
      value: 5
      objectReference: {fileID: 0}
    - target: {fileID: 7773126519697128487, guid: d1a7bc27d0368684aaa8ae3e8231a654,
        type: 3}
      propertyPath: m_LocalEulerAnglesHint.x
      value: 0
      objectReference: {fileID: 0}
    - target: {fileID: 7773126519697128487, guid: d1a7bc27d0368684aaa8ae3e8231a654,
        type: 3}
      propertyPath: m_LocalEulerAnglesHint.y
      value: 0
      objectReference: {fileID: 0}
    - target: {fileID: 7773126519697128487, guid: d1a7bc27d0368684aaa8ae3e8231a654,
        type: 3}
      propertyPath: m_LocalEulerAnglesHint.z
      value: 0
      objectReference: {fileID: 0}
    m_RemovedComponents: []
  m_SourcePrefab: {fileID: 100100000, guid: d1a7bc27d0368684aaa8ae3e8231a654, type: 3}
--- !u!1001 &8607461141807794457
PrefabInstance:
  m_ObjectHideFlags: 0
  serializedVersion: 2
  m_Modification:
    m_TransformParent: {fileID: 0}
    m_Modifications:
    - target: {fileID: 8607461140783028802, guid: c4685bc4850d2da49bc948c90a4d86b0,
        type: 3}
      propertyPath: m_Name
      value: Disquette
      objectReference: {fileID: 0}
    - target: {fileID: 8607461140783028807, guid: c4685bc4850d2da49bc948c90a4d86b0,
        type: 3}
      propertyPath: m_LocalPosition.x
      value: -2.57
      objectReference: {fileID: 0}
    - target: {fileID: 8607461140783028807, guid: c4685bc4850d2da49bc948c90a4d86b0,
        type: 3}
      propertyPath: m_LocalPosition.y
      value: 0.9
      objectReference: {fileID: 0}
    - target: {fileID: 8607461140783028807, guid: c4685bc4850d2da49bc948c90a4d86b0,
        type: 3}
      propertyPath: m_LocalPosition.z
      value: 0
      objectReference: {fileID: 0}
    - target: {fileID: 8607461140783028807, guid: c4685bc4850d2da49bc948c90a4d86b0,
        type: 3}
      propertyPath: m_LocalRotation.x
      value: 0
      objectReference: {fileID: 0}
    - target: {fileID: 8607461140783028807, guid: c4685bc4850d2da49bc948c90a4d86b0,
        type: 3}
      propertyPath: m_LocalRotation.y
      value: 0
      objectReference: {fileID: 0}
    - target: {fileID: 8607461140783028807, guid: c4685bc4850d2da49bc948c90a4d86b0,
        type: 3}
      propertyPath: m_LocalRotation.z
      value: 0
      objectReference: {fileID: 0}
    - target: {fileID: 8607461140783028807, guid: c4685bc4850d2da49bc948c90a4d86b0,
        type: 3}
      propertyPath: m_LocalRotation.w
      value: 1
      objectReference: {fileID: 0}
    - target: {fileID: 8607461140783028807, guid: c4685bc4850d2da49bc948c90a4d86b0,
        type: 3}
      propertyPath: m_RootOrder
      value: 6
      objectReference: {fileID: 0}
    - target: {fileID: 8607461140783028807, guid: c4685bc4850d2da49bc948c90a4d86b0,
        type: 3}
      propertyPath: m_LocalEulerAnglesHint.x
      value: 0
      objectReference: {fileID: 0}
    - target: {fileID: 8607461140783028807, guid: c4685bc4850d2da49bc948c90a4d86b0,
        type: 3}
      propertyPath: m_LocalEulerAnglesHint.y
      value: 0
      objectReference: {fileID: 0}
    - target: {fileID: 8607461140783028807, guid: c4685bc4850d2da49bc948c90a4d86b0,
        type: 3}
      propertyPath: m_LocalEulerAnglesHint.z
      value: 0
      objectReference: {fileID: 0}
    m_RemovedComponents: []
  m_SourcePrefab: {fileID: 100100000, guid: c4685bc4850d2da49bc948c90a4d86b0, type: 3}
