%YAML 1.1
%TAG !u! tag:unity3d.com,2011:
--- !u!1 &3423333329360934501
GameObject:
  m_ObjectHideFlags: 0
  m_CorrespondingSourceObject: {fileID: 0}
  m_PrefabInstance: {fileID: 0}
  m_PrefabAsset: {fileID: 0}
  serializedVersion: 6
  m_Component:
  - component: {fileID: 8871336679156894246}
  - component: {fileID: 1422828654768567967}
  m_Layer: 0
  m_Name: Bullet
  m_TagString: Untagged
  m_Icon: {fileID: 0}
  m_NavMeshLayer: 0
  m_StaticEditorFlags: 0
  m_IsActive: 1
--- !u!4 &8871336679156894246
Transform:
  m_ObjectHideFlags: 0
  m_CorrespondingSourceObject: {fileID: 0}
  m_PrefabInstance: {fileID: 0}
  m_PrefabAsset: {fileID: 0}
  m_GameObject: {fileID: 3423333329360934501}
  m_LocalRotation: {x: 0, y: 0, z: 0, w: 1}
  m_LocalPosition: {x: -0.3440647, y: 0.40988493, z: 2.0923061}
  m_LocalScale: {x: 1, y: 1, z: 1}
  m_Children:
  - {fileID: 197267255599239940}
  - {fileID: 3411098829668083371}
  m_Father: {fileID: 0}
  m_RootOrder: 0
  m_LocalEulerAnglesHint: {x: 0, y: 0, z: 0}
--- !u!114 &1422828654768567967
MonoBehaviour:
  m_ObjectHideFlags: 0
  m_CorrespondingSourceObject: {fileID: 0}
  m_PrefabInstance: {fileID: 0}
  m_PrefabAsset: {fileID: 0}
  m_GameObject: {fileID: 3423333329360934501}
  m_Enabled: 1
  m_EditorHideFlags: 0
  m_Script: {fileID: 11500000, guid: 82b024ec3f3f4f14b8134d1f42028e7c, type: 3}
  m_Name: 
  m_EditorClassIdentifier: 
  Speed: 0.5
  Direction: {x: 0, y: 0, z: 1}
--- !u!1 &7318867916096347056
GameObject:
  m_ObjectHideFlags: 0
  m_CorrespondingSourceObject: {fileID: 0}
  m_PrefabInstance: {fileID: 0}
  m_PrefabAsset: {fileID: 0}
  serializedVersion: 6
  m_Component:
  - component: {fileID: 3411098829668083371}
  - component: {fileID: 9177112080929194512}
  - component: {fileID: 3834018623146867500}
  - component: {fileID: 7794016842589523217}
  m_Layer: 0
  m_Name: Sphere
  m_TagString: Untagged
  m_Icon: {fileID: 0}
  m_NavMeshLayer: 0
  m_StaticEditorFlags: 0
  m_IsActive: 0
--- !u!4 &3411098829668083371
Transform:
  m_ObjectHideFlags: 0
  m_CorrespondingSourceObject: {fileID: 0}
  m_PrefabInstance: {fileID: 0}
  m_PrefabAsset: {fileID: 0}
  m_GameObject: {fileID: 7318867916096347056}
  m_LocalRotation: {x: 0, y: 0, z: 0, w: 1}
  m_LocalPosition: {x: 0, y: 0, z: 0}
  m_LocalScale: {x: 1, y: 1, z: 1}
  m_Children: []
  m_Father: {fileID: 8871336679156894246}
  m_RootOrder: 1
  m_LocalEulerAnglesHint: {x: 0, y: 0, z: 0}
--- !u!33 &9177112080929194512
MeshFilter:
  m_ObjectHideFlags: 0
  m_CorrespondingSourceObject: {fileID: 0}
  m_PrefabInstance: {fileID: 0}
  m_PrefabAsset: {fileID: 0}
  m_GameObject: {fileID: 7318867916096347056}
  m_Mesh: {fileID: 10207, guid: 0000000000000000e000000000000000, type: 0}
--- !u!23 &3834018623146867500
MeshRenderer:
  m_ObjectHideFlags: 0
  m_CorrespondingSourceObject: {fileID: 0}
  m_PrefabInstance: {fileID: 0}
  m_PrefabAsset: {fileID: 0}
  m_GameObject: {fileID: 7318867916096347056}
  m_Enabled: 1
  m_CastShadows: 1
  m_ReceiveShadows: 1
  m_DynamicOccludee: 1
  m_MotionVectors: 1
  m_LightProbeUsage: 1
  m_ReflectionProbeUsage: 1
  m_RenderingLayerMask: 1
  m_RendererPriority: 0
  m_Materials:
  - {fileID: 10303, guid: 0000000000000000f000000000000000, type: 0}
  m_StaticBatchInfo:
    firstSubMesh: 0
    subMeshCount: 0
  m_StaticBatchRoot: {fileID: 0}
  m_ProbeAnchor: {fileID: 0}
  m_LightProbeVolumeOverride: {fileID: 0}
  m_ScaleInLightmap: 1
  m_PreserveUVs: 0
  m_IgnoreNormalsForChartDetection: 0
  m_ImportantGI: 0
  m_StitchLightmapSeams: 1
  m_SelectedEditorRenderState: 3
  m_MinimumChartSize: 4
  m_AutoUVMaxDistance: 0.5
  m_AutoUVMaxAngle: 89
  m_LightmapParameters: {fileID: 0}
  m_SortingLayerID: 0
  m_SortingLayer: 0
  m_SortingOrder: 0
--- !u!135 &7794016842589523217
SphereCollider:
  m_ObjectHideFlags: 0
  m_CorrespondingSourceObject: {fileID: 0}
  m_PrefabInstance: {fileID: 0}
  m_PrefabAsset: {fileID: 0}
  m_GameObject: {fileID: 7318867916096347056}
  m_Material: {fileID: 0}
  m_IsTrigger: 0
  m_Enabled: 1
  serializedVersion: 2
  m_Radius: 0.5
  m_Center: {x: 0, y: 0, z: 0}
--- !u!1001 &194247282598848932
PrefabInstance:
  m_ObjectHideFlags: 0
  serializedVersion: 2
  m_Modification:
    m_TransformParent: {fileID: 8871336679156894246}
    m_Modifications:
    - target: {fileID: 1309791300091212, guid: 815176c3adeb40448ba2fc0d71d454a0, type: 3}
      propertyPath: m_Name
      value: prefeb
      objectReference: {fileID: 0}
    - target: {fileID: 1309791300091212, guid: 815176c3adeb40448ba2fc0d71d454a0, type: 3}
      propertyPath: m_IsActive
      value: 1
      objectReference: {fileID: 0}
    - target: {fileID: 4168634090699424, guid: 815176c3adeb40448ba2fc0d71d454a0, type: 3}
      propertyPath: m_LocalPosition.x
      value: -0.084296
      objectReference: {fileID: 0}
    - target: {fileID: 4168634090699424, guid: 815176c3adeb40448ba2fc0d71d454a0, type: 3}
      propertyPath: m_LocalPosition.y
      value: 1.46
      objectReference: {fileID: 0}
    - target: {fileID: 4168634090699424, guid: 815176c3adeb40448ba2fc0d71d454a0, type: 3}
      propertyPath: m_LocalPosition.z
      value: -1.7710726
      objectReference: {fileID: 0}
    - target: {fileID: 4168634090699424, guid: 815176c3adeb40448ba2fc0d71d454a0, type: 3}
      propertyPath: m_LocalRotation.x
      value: 0
      objectReference: {fileID: 0}
    - target: {fileID: 4168634090699424, guid: 815176c3adeb40448ba2fc0d71d454a0, type: 3}
      propertyPath: m_LocalRotation.y
      value: 0
      objectReference: {fileID: 0}
    - target: {fileID: 4168634090699424, guid: 815176c3adeb40448ba2fc0d71d454a0, type: 3}
      propertyPath: m_LocalRotation.z
      value: 0
      objectReference: {fileID: 0}
    - target: {fileID: 4168634090699424, guid: 815176c3adeb40448ba2fc0d71d454a0, type: 3}
      propertyPath: m_LocalRotation.w
      value: 1
      objectReference: {fileID: 0}
    - target: {fileID: 4168634090699424, guid: 815176c3adeb40448ba2fc0d71d454a0, type: 3}
      propertyPath: m_RootOrder
      value: 0
      objectReference: {fileID: 0}
    - target: {fileID: 4168634090699424, guid: 815176c3adeb40448ba2fc0d71d454a0, type: 3}
      propertyPath: m_LocalEulerAnglesHint.x
      value: 0
      objectReference: {fileID: 0}
    - target: {fileID: 4168634090699424, guid: 815176c3adeb40448ba2fc0d71d454a0, type: 3}
      propertyPath: m_LocalEulerAnglesHint.y
      value: 0
      objectReference: {fileID: 0}
    - target: {fileID: 4168634090699424, guid: 815176c3adeb40448ba2fc0d71d454a0, type: 3}
      propertyPath: m_LocalEulerAnglesHint.z
      value: 0
      objectReference: {fileID: 0}
    - target: {fileID: 4168634090699424, guid: 815176c3adeb40448ba2fc0d71d454a0, type: 3}
      propertyPath: m_LocalScale.x
      value: 0.1
      objectReference: {fileID: 0}
    - target: {fileID: 4168634090699424, guid: 815176c3adeb40448ba2fc0d71d454a0, type: 3}
      propertyPath: m_LocalScale.y
      value: 0.1
      objectReference: {fileID: 0}
    - target: {fileID: 4168634090699424, guid: 815176c3adeb40448ba2fc0d71d454a0, type: 3}
      propertyPath: m_LocalScale.z
      value: 0.1
      objectReference: {fileID: 0}
    m_RemovedComponents:
    - {fileID: 54959213129792114, guid: 815176c3adeb40448ba2fc0d71d454a0, type: 3}
  m_SourcePrefab: {fileID: 100100000, guid: 815176c3adeb40448ba2fc0d71d454a0, type: 3}
--- !u!4 &197267255599239940 stripped
Transform:
  m_CorrespondingSourceObject: {fileID: 4168634090699424, guid: 815176c3adeb40448ba2fc0d71d454a0,
    type: 3}
  m_PrefabInstance: {fileID: 194247282598848932}
  m_PrefabAsset: {fileID: 0}
